@ARTICLE{Alcock:1995,
   author = {{Alcock}, C. and {Allsman}, R.~A. and {Alves}, D. and {Axelrod}, T.~S. and 
	{Bennett}, D.~P. and {Cook}, K.~H. and {Freeman}, K.~C. and 
	{Griest}, K. and {Guern}, J. and {Lehner}, M.~J. and {Marshall}, S.~L. and 
	{Peterson}, B.~A. and {Pratt}, M.~R. and {Quinn}, P.~J. and 
	{Rodgers}, A.~W. and {Stubbs}, C.~W. and {Sutherland}, W.},
    title = "{First Observation of Parallax in a Gravitational Microlensing Event}",
  journal = {\apjl},
   eprint = {astro-ph/9506114},
 keywords = {COSMOLOGY: DARK MATTER, GALAXY: STELLAR CONTENT, COSMOLOGY: GRAVITATIONAL LENSING, STARS: DISTANCES},
     year = 1995,
    month = dec,
   volume = 454,
    pages = {L125},
      doi = {10.1086/309783},
   adsurl = {http://adsabs.harvard.edu/abs/1995ApJ...454L.125A},
  adsnote = {Provided by the SAO/NASA Astrophysics Data System}
}

@ARTICLE{An:2002,
       author = {{An}, Jin H. and {Han}, Cheongho},
        title = "{Effect of a Wide Binary Companion to the Lens on the Astrometric Behavior of Gravitational Microlensing Events}",
      journal = {\apj},
     keywords = {Stars: Binaries: General, Cosmology: Gravitational Lensing, Astrophysics},
         year = 2002,
        month = jul,
       volume = {573},
       number = {1},
        pages = {351-358},
          doi = {10.1086/340557},
archivePrefix = {arXiv},
       eprint = {astro-ph/0203006},
 primaryClass = {astro-ph},
       adsurl = {https://ui.adsabs.harvard.edu/abs/2002ApJ...573..351A},
      adsnote = {Provided by the SAO/NASA Astrophysics Data System}
}


@ARTICLE{Belokurov:2002,
   author = {{Belokurov}, V.~A. and {Evans}, N.~W.},
    title = "{Astrometric microlensing with the GAIA satellite}",
  journal = {\mnras},
   eprint = {astro-ph/0112243},
 keywords = {gravitational lensing, astrometry, Galaxy: stellar content, Galaxy: structure, dark matter},
     year = 2002,
    month = apr,
   volume = 331,
    pages = {649-665},
      doi = {10.1046/j.1365-8711.2002.05222.x},
   adsurl = {http://adsabs.harvard.edu/abs/2002MNRAS.331..649B},
  adsnote = {Provided by the SAO/NASA Astrophysics Data System}
}

@ARTICLE{Bennett:2002,
       author = {{Bennett}, D.~P. and {Becker}, A.~C. and {Quinn}, J.~L. and {Tomaney},
        A.~B. and {Alcock}, C. and {Allsman}, R.~A. and {Alves}, D.~R.
        and {Axelrod}, T.~S. and {Calitz}, J.~J. and {Cook}, K.~H. and
        {Drake}, A.~J. and {Fragile}, P.~C. and {Freeman}, K.~C. and
        {Geha}, M. and {Griest}, K. and {Johnson}, B.~R. and {Keller},
        S.~C. and {Laws}, C. and {Lehner}, M.~J. and {Marshall}, S.~L.
        and {Minniti}, D. and {Nelson}, C.~A. and {Peterson}, B.~A. and
        {Popowski}, P. and {Pratt}, M.~R. and {Quinn}, P.~J. and {Rhie},
        S.~H. and {Stubbs}, C.~W. and {Sutherland}, W. and {Vandehei},
        T. and {Welch}, D. and {MACHO Collaboration} and {MPS
        Collaboration}},
        title = "{Gravitational Microlensing Events Due to Stellar-Mass Black Holes}",
      journal = {\apj},
     keywords = {Galaxy: Bulge, Cosmology: Gravitational Lensing, Astrophysics},
         year = 2002,
        month = Nov,
       volume = {579},
        pages = {639-659},
          doi = {10.1086/342225},
       adsurl = {https://ui.adsabs.harvard.edu/#abs/2002ApJ...579..639B},
      adsnote = {Provided by the SAO/NASA Astrophysics Data System}
}



@ARTICLE{Dominik:1998a,
   author = {{Dominik}, M. and {Sahu}, K.~C.},
    title = "{Astrometric Microlensing of Stars}",
  journal = {ArXiv Astrophysics e-prints},
   eprint = {astro-ph/9805360},
 keywords = {Astrophysics},
     year = 1998,
    month = may,
   adsurl = {http://adsabs.harvard.edu/abs/1998astro.ph..5360D},
  adsnote = {Provided by the SAO/NASA Astrophysics Data System}
}


@ARTICLE{Gould:1992,
   author = {{Gould}, A.},
    title = "{Extending the MACHO search to about 10 exp 6 solar masses}",
  journal = {\apj},
 keywords = {Astronomical Photometry, Gravitational Lenses, Halos, Light Curve, Dark Matter, Hubble Space Telescope, Magellanic Clouds, Stellar Mass},
     year = 1992,
    month = jun,
   volume = 392,
    pages = {442-451},
      doi = {10.1086/171443},
   adsurl = {http://adsabs.harvard.edu/abs/1992ApJ...392..442G},
  adsnote = {Provided by the SAO/NASA Astrophysics Data System}
}

@ARTICLE{Gould:2004,
       author = {{Gould}, Andrew},
        title = "{Resolution of the MACHO-LMC-5 Puzzle: The Jerk-Parallax Microlens Degeneracy}",
      journal = {\apj},
     keywords = {Cosmology: Gravitational Lensing, Stars: Low-Mass, Brown Dwarfs, Astrophysics},
         year = 2004,
        month = may,
       volume = {606},
       number = {1},
        pages = {319-325},
          doi = {10.1086/382782},
archivePrefix = {arXiv},
       eprint = {astro-ph/0311548},
 primaryClass = {astro-ph},
       adsurl = {https://ui.adsabs.harvard.edu/abs/2004ApJ...606..319G},
      adsnote = {Provided by the SAO/NASA Astrophysics Data System}
}



@ARTICLE{Hog:1995,
   author = {{Hog}, E. and {Novikov}, I.~D. and {Polnarev}, A.~G.},
    title = "{MACHO photometry and astrometry.}",
  journal = {\aap},
 keywords = {ASTROMETRY, GRAVITATIONAL LENSING, ARTIFICIAL SATELLITES, METHODS: OBSERVATIONAL, STARS: LOW MASS, BROWN DWARFS},
     year = 1995,
    month = feb,
   volume = 294,
    pages = {287-294},
   adsurl = {http://adsabs.harvard.edu/abs/1995A%26A...294..287H},
  adsnote = {Provided by the SAO/NASA Astrophysics Data System}
}

@ARTICLE{Jung:2019,
       author = {{Jung}, Youn Kil and {Han}, Cheongho and {Bond}, Ian A. and
         {Udalski}, Andrzej and {Gould}, Andrew and {authors}, Leading and
         {Albrow}, Michael D. and {Chung}, Sun-Ju and {Hwang}, Kyu-Ha and
         {Lee}, Chung-Uk and {Ryu}, Yoon-Hyun and {Shin}, In-Gu and
         {Shvartzvald}, Yossi and {Yee}, Jennifer C. and {Jee}, M. James and
         {Kim}, Doeon and {Cha}, Sang-Mok and {Kim}, Dong-Jin and
         {Kim}, Hyoun-Woo and {Kim}, Seung-Lee and {Lee}, Dong-Joo and
         {Lee}, Yongseok and {Park}, Byeong-Gon and {Pogge}, Richard W. and
         {KMTNet Collaboration} and {Abe}, Fumio and {Barry}, Richard and
         {Bennett}, David P. and {Bhattacharya}, Aparna and {Donachie}, Martin and
         {Fukui}, Akihiko and {Hirao}, Yuki and {Itow}, Yoshitaka and
         {Kawasaki}, Kohei and {Kondo}, Iona and {Koshimoto}, Naoki and
         {Li}, Man Cheung Alex and {Matsubara}, Yutaka and {Muraki}, Yasushi and
         {Miyazaki}, Shota and {Nagakane}, Masayuki and {Ranc}, Cl{\'e}ment and
         {Rattenbury}, Nicholas J. and {Suematsu}, Haruno and
         {Sullivan}, Denis J. and {Sumi}, Takahiro and {Suzuki}, Daisuke and
         {Tristram}, Paul J. and {Yonehara}, Atsunori and {MOA Collaboration} and
         {Mr{\'o}z}, Przemek and {Poleski}, Radek and {Skowron}, Jan and
         {Szyma{\'n}ski}, Micha{\l} K. and {Soszy{\'n}ski}, Igor and
         {Koz{\l}owski}, Szymon and {Pietrukowicz}, Pawe{\l} and
         {Ulaczyk}, Krzysztof and {Pawlak}, Micha{\l} and
         {THE OGLE Collaboration}},
        title = "{OGLE-2016-BLG-0156: Microlensing Event with Pronounced Microlens-parallax Effects Yielding a Precise Lens Mass Measurement}",
      journal = {\apj},
     keywords = {binaries: general, gravitational lensing: micro, Astrophysics - Solar and Stellar Astrophysics, Astrophysics - Earth and Planetary Astrophysics},
         year = 2019,
        month = feb,
       volume = {872},
       number = {2},
          eid = {175},
        pages = {175},
          doi = {10.3847/1538-4357/ab001f},
archivePrefix = {arXiv},
       eprint = {1901.06457},
 primaryClass = {astro-ph.SR},
       adsurl = {https://ui.adsabs.harvard.edu/abs/2019ApJ...872..175J},
      adsnote = {Provided by the SAO/NASA Astrophysics Data System}
}

@ARTICLE{Lee_2009,
   title={FINITE-SOURCE EFFECTS IN MICROLENSING: A PRECISE, EASY TO IMPLEMENT, FAST, AND NUMERICALLY STABLE FORMALISM},
   volume={695},
   ISSN={1538-4357},
   url={http://dx.doi.org/10.1088/0004-637X/695/1/200},
   DOI={10.1088/0004-637x/695/1/200},
   number={1},
   journal={The Astrophysical Journal},
   publisher={American Astronomical Society},
   author={Lee, C.-H. and Riffeser, A. and Seitz, S. and Bender, R.},
   year={2009},
   month=mar, pages={200–207} }


@ARTICLE{Lu:2016,
   author = {{Lu}, J.~R. and {Sinukoff}, E. and {Ofek}, E.~O. and {Udalski}, A. and 
	{Kozlowski}, S.},
    title = "{A Search For Stellar-mass Black Holes Via Astrometric Microlensing}",
  journal = {\apj},
archivePrefix = "arXiv",
   eprint = {1607.08284},
 primaryClass = "astro-ph.SR",
 keywords = {astrometry, gravitational lensing: micro, instrumentation: adaptive optics, stars: black holes},
     year = 2016,
    month = oct,
   volume = 830,
      eid = {41},
    pages = {41},
      doi = {10.3847/0004-637X/830/1/41},
   adsurl = {http://adsabs.harvard.edu/abs/2016ApJ...830...41L},
  adsnote = {Provided by the SAO/NASA Astrophysics Data System}
}


@ARTICLE{Sazhin:2001,
   author = {{Sazhin}, M.~V. and {Zharov}, V.~E. and {Kalinina}, T.~A.},
    title = "{Parallax distortion by the weak microlensing effect}",
  journal = {\mnras},
   eprint = {astro-ph/0005418},
 keywords = {GRAVITATIONAL LENSING, REFERENCE SYSTEMS, STARS: DISTANCES, GALAXIES: ACTIVE, QUASARS: GENERAL},
     year = 2001,
    month = may,
   volume = 323,
    pages = {952-964},
      doi = {10.1046/j.1365-8711.2001.04299.x},
   adsurl = {http://adsabs.harvard.edu/abs/2001MNRAS.323..952S},
  adsnote = {Provided by the SAO/NASA Astrophysics Data System}
}

@ARTICLE{vanDeKamp:1967,
   author = {{van de Kamp}, P.},
    title = "{Buchbesprechungen {\"u}ber: Principles of Astrometry. (Ref. S. BAUMBACH)}",
  journal = {\zap},
     year = 1967,
   volume = 67,
    pages = {319},
   adsurl = {http://adsabs.harvard.edu/abs/1967ZA.....67..319V},
  adsnote = {Provided by the SAO/NASA Astrophysics Data System}
}

@ARTICLE{Lam:2022,
       author = {{Lam}, Casey Y. and {Lu}, Jessica R. and {Udalski}, Andrzej and {Bond}, Ian and {Bennett}, David P. and {Skowron}, Jan and {Mr{\'o}z}, Przemek and {Poleski}, Radek and {Sumi}, Takahiro and {Szyma{\'n}ski}, Micha{\l} K. and {Koz{\l}owski}, Szymon and {Pietrukowicz}, Pawe{\l} and {Soszy{\'n}ski}, Igor and {Ulaczyk}, Krzysztof and {Wyrzykowski}, {\L}ukasz and {Miyazaki}, Shota and {Suzuki}, Daisuke and {Koshimoto}, Naoki and {Rattenbury}, Nicholas J. and {Hosek}, Matthew W. and {Abe}, Fumio and {Barry}, Richard and {Bhattacharya}, Aparna and {Fukui}, Akihiko and {Fujii}, Hirosane and {Hirao}, Yuki and {Itow}, Yoshitaka and {Kirikawa}, Rintaro and {Kondo}, Iona and {Matsubara}, Yutaka and {Matsumoto}, Sho and {Muraki}, Yasushi and {Olmschenk}, Greg and {Ranc}, Cl{\'e}ment and {Okamura}, Arisa and {Satoh}, Yuki and {Silva}, Stela Ishitani and {Toda}, Taiga and {Tristram}, Paul J. and {Vandorou}, Aikaterini and {Yama}, Hibiki and {Abrams}, Natasha S. and {Agarwal}, Shrihan and {Rose}, Sam and {Terry}, Sean K.},
        title = "{An Isolated Mass-gap Black Hole or Neutron Star Detected with Astrometric Microlensing}",
      journal = {\apjl},
     keywords = {Astrophysical black holes, Astrometric microlensing effect, Stellar populations, Astrometry, 98, 2140, 1622, 80, Astrophysics - Astrophysics of Galaxies, Astrophysics - Solar and Stellar Astrophysics},
         year = 2022,
        month = jul,
       volume = {933},
       number = {1},
          eid = {L23},
        pages = {L23},
          doi = {10.3847/2041-8213/ac7442},
archivePrefix = {arXiv},
       eprint = {2202.01903},
 primaryClass = {astro-ph.GA},
       adsurl = {https://ui.adsabs.harvard.edu/abs/2022ApJ...933L..23L},
      adsnote = {Provided by the SAO/NASA Astrophysics Data System}
}

@ARTICLE{Lam:2023-OB110462,
       author = {{Lam}, Casey Y. and {Lu}, Jessica R.},
        title = "{A re-analysis of the isolated black hole candidate OGLE-2011-BLG-0462/MOA-2011-BLG-191}",
      journal = {arXiv e-prints},
     keywords = {Astrophysics - Solar and Stellar Astrophysics, Astrophysics - Astrophysics of Galaxies},
         year = 2023,
        month = aug,
          eid = {arXiv:2308.03302},
        pages = {arXiv:2308.03302},
          doi = {10.48550/arXiv.2308.03302},
archivePrefix = {arXiv},
       eprint = {2308.03302},
 primaryClass = {astro-ph.SR},
       adsurl = {https://ui.adsabs.harvard.edu/abs/2023arXiv230803302L},
      adsnote = {Provided by the SAO/NASA Astrophysics Data System}
}

@ARTICLE{Mroz:2022,
       author = {{Mr{\'o}z}, Przemek and {Udalski}, Andrzej and {Gould}, Andrew},
        title = "{Systematic Errors as a Source of Mass Discrepancy in Black Hole Microlensing Event OGLE-2011-BLG-0462}",
      journal = {\apjl},
     keywords = {Astrometric microlensing effect, Astrophysical black holes, Black holes, Stellar remnants, Gravitational microlensing, 2140, 98, 162, 1627, 672, Astrophysics - Solar and Stellar Astrophysics, Astrophysics - Astrophysics of Galaxies, Astrophysics - High Energy Astrophysical Phenomena},
         year = 2022,
        month = oct,
       volume = {937},
       number = {2},
          eid = {L24},
        pages = {L24},
          doi = {10.3847/2041-8213/ac90bb},
archivePrefix = {arXiv},
       eprint = {2207.10729},
 primaryClass = {astro-ph.SR},
       adsurl = {https://ui.adsabs.harvard.edu/abs/2022ApJ...937L..24M},
      adsnote = {Provided by the SAO/NASA Astrophysics Data System}
}

@ARTICLE{Sahu:2022,
       author = {{Sahu}, Kailash C. and {Anderson}, Jay and {Casertano}, Stefano and {Bond}, Howard E. and {Udalski}, Andrzej and {Dominik}, Martin and {Calamida}, Annalisa and {Bellini}, Andrea and {Brown}, Thomas M. and {Rejkuba}, Marina and {Bajaj}, Varun and {Kains}, No{\'e} and {Ferguson}, Henry C. and {Fryer}, Chris L. and {Yock}, Philip and {Mr{\'o}z}, Przemek and {Koz{\l}owski}, Szymon and {Pietrukowicz}, Pawe{\l} and {Poleski}, Radek and {Skowron}, Jan and {Soszy{\'n}ski}, Igor and {Szyma{\'n}ski}, Micha{\l} K. and {Ulaczyk}, Krzysztof and {Wyrzykowski}, {\L}ukasz and {Barry}, Richard K. and {Bennett}, David P. and {Bond}, Ian A. and {Hirao}, Yuki and {Silva}, Stela Ishitani and {Kondo}, Iona and {Koshimoto}, Naoki and {Ranc}, Cl{\'e}ment and {Rattenbury}, Nicholas J. and {Sumi}, Takahiro and {Suzuki}, Daisuke and {Tristram}, Paul J. and {Vandorou}, Aikaterini and {Beaulieu}, Jean-Philippe and {Marquette}, Jean-Baptiste and {Cole}, Andrew and {Fouqu{\'e}}, Pascal and {Hill}, Kym and {Dieters}, Stefan and {Coutures}, Christian and {Dominis-Prester}, Dijana and {Bennett}, Clara and {Bachelet}, Etienne and {Menzies}, John and {Albrow}, Michael and {Pollard}, Karen and {Gould}, Andrew and {Yee}, Jennifer C. and {Allen}, William and {Almeida}, Leonardo A. and {Christie}, Grant and {Drummond}, John and {Gal-Yam}, Avishay and {Gorbikov}, Evgeny and {Jablonski}, Francisco and {Lee}, Chung-Uk and {Maoz}, Dan and {Manulis}, Ilan and {McCormick}, Jennie and {Natusch}, Tim and {Pogge}, Richard W. and {Shvartzvald}, Yossi and {J{\o}rgensen}, Uffe G. and {Alsubai}, Khalid A. and {Andersen}, Michael I. and {Bozza}, Valerio and {Novati}, Sebastiano Calchi and {Burgdorf}, Martin and {Hinse}, Tobias C. and {Hundertmark}, Markus and {Husser}, Tim-Oliver and {Kerins}, Eamonn and {Longa-Pe{\~n}a}, Penelope and {Mancini}, Luigi and {Penny}, Matthew and {Rahvar}, Sohrab and {Ricci}, Davide and {Sajadian}, Sedighe and {Skottfelt}, Jesper and {Snodgrass}, Colin and {Southworth}, John and {Tregloan-Reed}, Jeremy and {Wambsganss}, Joachim and {Wertz}, Olivier and {Tsapras}, Yiannis and {Street}, Rachel A. and {Bramich}, D.~M. and {Horne}, Keith and {Steele}, Iain A. and {RoboNet Collaboration}},
        title = "{An Isolated Stellar-mass Black Hole Detected through Astrometric Microlensing}",
      journal = {\apj},
     keywords = {Black holes, Gravitational microlensing, 162, 672, Astrophysics - Solar and Stellar Astrophysics, Astrophysics - Astrophysics of Galaxies, Astrophysics - High Energy Astrophysical Phenomena},
         year = 2022,
        month = jul,
       volume = {933},
       number = {1},
          eid = {83},
        pages = {83},
          doi = {10.3847/1538-4357/ac739e},
archivePrefix = {arXiv},
       eprint = {2201.13296},
 primaryClass = {astro-ph.SR},
       adsurl = {https://ui.adsabs.harvard.edu/abs/2022ApJ...933...83S},
      adsnote = {Provided by the SAO/NASA Astrophysics Data System}
}

@ARTICLE{pymultinest,
       author = {{Buchner}, J. and {Georgakakis}, A. and {Nandra}, K. and {Hsu}, L. and {Rangel}, C. and {Brightman}, M. and {Merloni}, A. and {Salvato}, M. and {Donley}, J. and {Kocevski}, D.},
        title = "{X-ray spectral modelling of the AGN obscuring region in the CDFS: Bayesian model selection and catalogue}",
      journal = {\aap},
     keywords = {accretion, accretion disks, methods: data analysis, methods: statistical, galaxies: nuclei, X-rays: galaxies, galaxies: high-redshift, Astrophysics - High Energy Astrophysical Phenomena, Astrophysics - Cosmology and Nongalactic Astrophysics},
         year = 2014,
        month = apr,
       volume = {564},
          eid = {A125},
        pages = {A125},
          doi = {10.1051/0004-6361/201322971},
archivePrefix = {arXiv},
       eprint = {1402.0004},
 primaryClass = {astro-ph.HE},
       adsurl = {https://ui.adsabs.harvard.edu/abs/2014A&A...564A.125B},
      adsnote = {Provided by the SAO/NASA Astrophysics Data System}
}

@ARTICLE{McGill2023,
       author = {{McGill}, Peter and {Anderson}, Jay and {Casertano}, Stefano and {Sahu}, Kailash C. and {Bergeron}, Pierre and {Blouin}, Simon and {Dufour}, Patrick and {Smith}, Leigh C. and {Evans}, N. Wyn and {Belokurov}, Vasily and {Smart}, Richard L. and {Bellini}, Andrea and {Calamida}, Annalisa and {Dominik}, Martin and {Kains}, No{\'e} and {Kl{\"u}ter}, Jonas and {Nielsen}, Martin Bo and {Wambsganss}, Joachim},
        title = "{First semi-empirical test of the white dwarf mass-radius relationship using a single white dwarf via astrometric microlensing}",
      journal = {\mnras},
     keywords = {gravitational lensing: micro, astrometry, white dwarfs, Astrophysics - Solar and Stellar Astrophysics},
         year = 2023,
        month = mar,
       volume = {520},
       number = {1},
        pages = {259-280},
          doi = {10.1093/mnras/stac3532},
archivePrefix = {arXiv},
       eprint = {2206.01814},
 primaryClass = {astro-ph.SR},
       adsurl = {https://ui.adsabs.harvard.edu/abs/2023MNRAS.520..259M},
      adsnote = {Provided by the SAO/NASA Astrophysics Data System}
}

@ARTICLE{Sahu2017,
       author = {{Sahu}, Kailash C. and {Anderson}, Jay and {Casertano}, Stefano and {Bond}, Howard E. and {Bergeron}, Pierre and {Nelan}, Edmund P. and {Pueyo}, Laurent and {Brown}, Thomas M. and {Bellini}, Andrea and {Levay}, Zoltan G. and {Sokol}, Joshua and {Dominik}, Martin and {Calamida}, Annalisa and {Kains}, No{\'e} and {Livio}, Mario},
        title = "{Relativistic deflection of background starlight measures the mass of a nearby white dwarf star}",
      journal = {Science},
     keywords = {ASTRONOMY, Astrophysics - Solar and Stellar Astrophysics},
         year = 2017,
        month = jun,
       volume = {356},
       number = {6342},
        pages = {1046-1050},
          doi = {10.1126/science.aal2879},
archivePrefix = {arXiv},
       eprint = {1706.02037},
 primaryClass = {astro-ph.SR},
       adsurl = {https://ui.adsabs.harvard.edu/abs/2017Sci...356.1046S},
      adsnote = {Provided by the SAO/NASA Astrophysics Data System}
}

@ARTICLE{Bachelet2017,
       author = {{Bachelet}, E. and {Norbury}, M. and {Bozza}, V. and {Street}, R.},
        title = "{pyLIMA : an open source package for microlensing modeling. I. presentation of the software and analysis on single lens models}",
      journal = {arXiv e-prints},
     keywords = {Astrophysics - Earth and Planetary Astrophysics, Astrophysics - Instrumentation and Methods for Astrophysics},
         year = 2017,
        month = sep,
          eid = {arXiv:1709.08704},
        pages = {arXiv:1709.08704},
          doi = {10.48550/arXiv.1709.08704},
archivePrefix = {arXiv},
       eprint = {1709.08704},
 primaryClass = {astro-ph.EP},
       adsurl = {https://ui.adsabs.harvard.edu/abs/2017arXiv170908704B},
      adsnote = {Provided by the SAO/NASA Astrophysics Data System}
}

@ARTICLE{Bozza2024,
       author = {{Bozza}, V. and {Saggese}, V. and {Covone}, G. and {Rota}, P. and {Zhang}, J.},
        title = "{VBMicroLensing: three algorithms for multiple lensing with contour integration}",
      journal = {arXiv e-prints},
     keywords = {Astrophysics - Instrumentation and Methods for Astrophysics},
         year = 2024,
        month = oct,
          eid = {arXiv:2410.13660},
        pages = {arXiv:2410.13660},
          doi = {10.48550/arXiv.2410.13660},
archivePrefix = {arXiv},
       eprint = {2410.13660},
 primaryClass = {astro-ph.IM},
       adsurl = {https://ui.adsabs.harvard.edu/abs/2024arXiv241013660B},
      adsnote = {Provided by the SAO/NASA Astrophysics Data System}
}

@ARTICLE{Bozza2021,
       author = {{Bozza}, Valerio and {Khalouei}, Elahe and {Bachelet}, Etienne},
        title = "{A public code for astrometric microlensing with contour integration}",
      journal = {\mnras},
     keywords = {gravitational lensing: micro, software: development, astrometry, planets and satellites: detection, binaries: general, Astrophysics - Instrumentation and Methods for Astrophysics, Astrophysics - Earth and Planetary Astrophysics, Astrophysics - Astrophysics of Galaxies},
         year = 2021,
        month = jul,
       volume = {505},
       number = {1},
        pages = {126-135},
          doi = {10.1093/mnras/stab1376},
archivePrefix = {arXiv},
       eprint = {2011.04780},
 primaryClass = {astro-ph.IM},
       adsurl = {https://ui.adsabs.harvard.edu/abs/2021MNRAS.505..126B},
      adsnote = {Provided by the SAO/NASA Astrophysics Data System}
}

@ARTICLE{Bozza2018,
       author = {{Bozza}, Valerio and {Bachelet}, Etienne and {Bartoli{\'c}}, Fran and {Heintz}, Tyler M. and {Hoag}, Ava R. and {Hundertmark}, Markus},
        title = "{VBBINARYLENSING: a public package for microlensing light-curve computation}",
      journal = {\mnras},
     keywords = {gravitational lensing: micro, methods: numerical, Astrophysics - Instrumentation and Methods for Astrophysics, Astrophysics - Earth and Planetary Astrophysics, General Relativity and Quantum Cosmology},
         year = 2018,
        month = oct,
       volume = {479},
       number = {4},
        pages = {5157-5167},
          doi = {10.1093/mnras/sty1791},
archivePrefix = {arXiv},
       eprint = {1805.05653},
 primaryClass = {astro-ph.IM},
       adsurl = {https://ui.adsabs.harvard.edu/abs/2018MNRAS.479.5157B},
      adsnote = {Provided by the SAO/NASA Astrophysics Data System}
}

@ARTICLE{Bozza2010,
       author = {{Bozza}, V.},
        title = "{Microlensing with an advanced contour integration algorithm: Green's theorem to third order, error control, optimal sampling and limb darkening}",
      journal = {\mnras},
     keywords = {methods: numerical, binaries: general, planetary systems, gravitational lensing: micro, Astrophysics - Earth and Planetary Astrophysics},
         year = 2010,
        month = nov,
       volume = {408},
       number = {4},
        pages = {2188-2200},
          doi = {10.1111/j.1365-2966.2010.17265.x},
archivePrefix = {arXiv},
       eprint = {1004.2796},
 primaryClass = {astro-ph.EP},
       adsurl = {https://ui.adsabs.harvard.edu/abs/2010MNRAS.408.2188B},
      adsnote = {Provided by the SAO/NASA Astrophysics Data System}
}

@ARTICLE{Poleski2019,
       author = {{Poleski}, R. and {Yee}, J.~C.},
        title = "{Modeling microlensing events with MulensModel}",
      journal = {Astronomy and Computing},
     keywords = {Gravitational microlensing [Exoplanets], Gravitational microlensing, Space telescopes, Astroinformatics, Astrophysics - Instrumentation and Methods for Astrophysics, Astrophysics - Earth and Planetary Astrophysics, Astrophysics - Solar and Stellar Astrophysics},
         year = 2019,
        month = jan,
       volume = {26},
          eid = {35},
        pages = {35},
          doi = {10.1016/j.ascom.2018.11.001},
archivePrefix = {arXiv},
       eprint = {1803.01003},
 primaryClass = {astro-ph.IM},
       adsurl = {https://ui.adsabs.harvard.edu/abs/2019A&C....26...35P},
      adsnote = {Provided by the SAO/NASA Astrophysics Data System}
}

@ARTICLE{Gaudi2012,
       author = {{Gaudi}, B. Scott},
        title = "{Microlensing Surveys for Exoplanets}",
      journal = {\araa},
         year = 2012,
        month = sep,
       volume = {50},
        pages = {411-453},
          doi = {10.1146/annurev-astro-081811-125518},
       adsurl = {https://ui.adsabs.harvard.edu/abs/2012ARA&A..50..411G},
      adsnote = {Provided by the SAO/NASA Astrophysics Data System}
}

@article{astropy:2013,
Adsnote = {Provided by the SAO/NASA Astrophysics Data System},
Adsurl = {http://adsabs.harvard.edu/abs/2013A%26A...558A..33A},
Archiveprefix = {arXiv},
Author = {{Astropy Collaboration} and {Robitaille}, T.~P. and {Tollerud}, E.~J. and {Greenfield}, P. and {Droettboom}, M. and {Bray}, E. and {Aldcroft}, T. and {Davis}, M. and {Ginsburg}, A. and {Price-Whelan}, A.~M. and {Kerzendorf}, W.~E. and {Conley}, A. and {Crighton}, N. and {Barbary}, K. and {Muna}, D. and {Ferguson}, H. and {Grollier}, F. and {Parikh}, M.~M. and {Nair}, P.~H. and {Unther}, H.~M. and {Deil}, C. and {Woillez}, J. and {Conseil}, S. and {Kramer}, R. and {Turner}, J.~E.~H. and {Singer}, L. and {Fox}, R. and {Weaver}, B.~A. and {Zabalza}, V. and {Edwards}, Z.~I. and {Azalee Bostroem}, K. and {Burke}, D.~J. and {Casey}, A.~R. and {Crawford}, S.~M. and {Dencheva}, N. and {Ely}, J. and {Jenness}, T. and {Labrie}, K. and {Lim}, P.~L. and {Pierfederici}, F. and {Pontzen}, A. and {Ptak}, A. and {Refsdal}, B. and {Servillat}, M. and {Streicher}, O.},
Doi = {10.1051/0004-6361/201322068},
Eid = {A33},
Eprint = {1307.6212},
Journal = {\aap},
Keywords = {methods: data analysis, methods: miscellaneous, virtual observatory tools},
Month = oct,
Pages = {A33},
Primaryclass = {astro-ph.IM},
Title = {{Astropy: A community Python package for astronomy}},
Volume = 558,
Year = 2013,
Bdsk-Url-1 = {https://dx.doi.org/10.1051/0004-6361/201322068}}

@ARTICLE{astropy:2018,
       author = {{Astropy Collaboration} and {Price-Whelan}, A.~M. and
         {Sip{\H{o}}cz}, B.~M. and {G{\"u}nther}, H.~M. and {Lim}, P.~L. and
         {Crawford}, S.~M. and {Conseil}, S. and {Shupe}, D.~L. and
         {Craig}, M.~W. and {Dencheva}, N. and {Ginsburg}, A. and {Vand
        erPlas}, J.~T. and {Bradley}, L.~D. and {P{\'e}rez-Su{\'a}rez}, D. and
         {de Val-Borro}, M. and {Aldcroft}, T.~L. and {Cruz}, K.~L. and
         {Robitaille}, T.~P. and {Tollerud}, E.~J. and {Ardelean}, C. and
         {Babej}, T. and {Bach}, Y.~P. and {Bachetti}, M. and {Bakanov}, A.~V. and
         {Bamford}, S.~P. and {Barentsen}, G. and {Barmby}, P. and
         {Baumbach}, A. and {Berry}, K.~L. and {Biscani}, F. and {Boquien}, M. and
         {Bostroem}, K.~A. and {Bouma}, L.~G. and {Brammer}, G.~B. and
         {Bray}, E.~M. and {Breytenbach}, H. and {Buddelmeijer}, H. and
         {Burke}, D.~J. and {Calderone}, G. and {Cano Rodr{\'\i}guez}, J.~L. and
         {Cara}, M. and {Cardoso}, J.~V.~M. and {Cheedella}, S. and {Copin}, Y. and
         {Corrales}, L. and {Crichton}, D. and {D'Avella}, D. and {Deil}, C. and
         {Depagne}, {\'E}. and {Dietrich}, J.~P. and {Donath}, A. and
         {Droettboom}, M. and {Earl}, N. and {Erben}, T. and {Fabbro}, S. and
         {Ferreira}, L.~A. and {Finethy}, T. and {Fox}, R.~T. and
         {Garrison}, L.~H. and {Gibbons}, S.~L.~J. and {Goldstein}, D.~A. and
         {Gommers}, R. and {Greco}, J.~P. and {Greenfield}, P. and
         {Groener}, A.~M. and {Grollier}, F. and {Hagen}, A. and {Hirst}, P. and
         {Homeier}, D. and {Horton}, A.~J. and {Hosseinzadeh}, G. and {Hu}, L. and
         {Hunkeler}, J.~S. and {Ivezi{\'c}}, {\v{Z}}. and {Jain}, A. and
         {Jenness}, T. and {Kanarek}, G. and {Kendrew}, S. and {Kern}, N.~S. and
         {Kerzendorf}, W.~E. and {Khvalko}, A. and {King}, J. and {Kirkby}, D. and
         {Kulkarni}, A.~M. and {Kumar}, A. and {Lee}, A. and {Lenz}, D. and
         {Littlefair}, S.~P. and {Ma}, Z. and {Macleod}, D.~M. and
         {Mastropietro}, M. and {McCully}, C. and {Montagnac}, S. and
         {Morris}, B.~M. and {Mueller}, M. and {Mumford}, S.~J. and {Muna}, D. and
         {Murphy}, N.~A. and {Nelson}, S. and {Nguyen}, G.~H. and
         {Ninan}, J.~P. and {N{\"o}the}, M. and {Ogaz}, S. and {Oh}, S. and
         {Parejko}, J.~K. and {Parley}, N. and {Pascual}, S. and {Patil}, R. and
         {Patil}, A.~A. and {Plunkett}, A.~L. and {Prochaska}, J.~X. and
         {Rastogi}, T. and {Reddy Janga}, V. and {Sabater}, J. and
         {Sakurikar}, P. and {Seifert}, M. and {Sherbert}, L.~E. and
         {Sherwood-Taylor}, H. and {Shih}, A.~Y. and {Sick}, J. and
         {Silbiger}, M.~T. and {Singanamalla}, S. and {Singer}, L.~P. and
         {Sladen}, P.~H. and {Sooley}, K.~A. and {Sornarajah}, S. and
         {Streicher}, O. and {Teuben}, P. and {Thomas}, S.~W. and
         {Tremblay}, G.~R. and {Turner}, J.~E.~H. and {Terr{\'o}n}, V. and
         {van Kerkwijk}, M.~H. and {de la Vega}, A. and {Watkins}, L.~L. and
         {Weaver}, B.~A. and {Whitmore}, J.~B. and {Woillez}, J. and
         {Zabalza}, V. and {Astropy Contributors}},
        title = "{The Astropy Project: Building an Open-science Project and Status of the v2.0 Core Package}",
      journal = {\aj},
     keywords = {methods: data analysis, methods: miscellaneous, methods: statistical, reference systems, Astrophysics - Instrumentation and Methods for Astrophysics},
         year = 2018,
        month = sep,
       volume = {156},
       number = {3},
          eid = {123},
        pages = {123},
          doi = {10.3847/1538-3881/aabc4f},
archivePrefix = {arXiv},
       eprint = {1801.02634},
 primaryClass = {astro-ph.IM},
       adsurl = {https://ui.adsabs.harvard.edu/abs/2018AJ....156..123A},
      adsnote = {Provided by the SAO/NASA Astrophysics Data System}
}

@ARTICLE{astropy:2022,
       author = {{Astropy Collaboration} and {Price-Whelan}, Adrian M. and {Lim}, Pey Lian and {Earl}, Nicholas and {Starkman}, Nathaniel and {Bradley}, Larry and {Shupe}, David L. and {Patil}, Aarya A. and {Corrales}, Lia and {Brasseur}, C.~E. and {N{"o}the}, Maximilian and {Donath}, Axel and {Tollerud}, Erik and {Morris}, Brett M. and {Ginsburg}, Adam and {Vaher}, Eero and {Weaver}, Benjamin A. and {Tocknell}, James and {Jamieson}, William and {van Kerkwijk}, Marten H. and {Robitaille}, Thomas P. and {Merry}, Bruce and {Bachetti}, Matteo and {G{"u}nther}, H. Moritz and {Aldcroft}, Thomas L. and {Alvarado-Montes}, Jaime A. and {Archibald}, Anne M. and {B{'o}di}, Attila and {Bapat}, Shreyas and {Barentsen}, Geert and {Baz{'a}n}, Juanjo and {Biswas}, Manish and {Boquien}, M{'e}d{'e}ric and {Burke}, D.~J. and {Cara}, Daria and {Cara}, Mihai and {Conroy}, Kyle E. and {Conseil}, Simon and {Craig}, Matthew W. and {Cross}, Robert M. and {Cruz}, Kelle L. and {D'Eugenio}, Francesco and {Dencheva}, Nadia and {Devillepoix}, Hadrien A.~R. and {Dietrich}, J{"o}rg P. and {Eigenbrot}, Arthur Davis and {Erben}, Thomas and {Ferreira}, Leonardo and {Foreman-Mackey}, Daniel and {Fox}, Ryan and {Freij}, Nabil and {Garg}, Suyog and {Geda}, Robel and {Glattly}, Lauren and {Gondhalekar}, Yash and {Gordon}, Karl D. and {Grant}, David and {Greenfield}, Perry and {Groener}, Austen M. and {Guest}, Steve and {Gurovich}, Sebastian and {Handberg}, Rasmus and {Hart}, Akeem and {Hatfield-Dodds}, Zac and {Homeier}, Derek and {Hosseinzadeh}, Griffin and {Jenness}, Tim and {Jones}, Craig K. and {Joseph}, Prajwel and {Kalmbach}, J. Bryce and {Karamehmetoglu}, Emir and {Ka{l}uszy{'n}ski}, Miko{l}aj and {Kelley}, Michael S.~P. and {Kern}, Nicholas and {Kerzendorf}, Wolfgang E. and {Koch}, Eric W. and {Kulumani}, Shankar and {Lee}, Antony and {Ly}, Chun and {Ma}, Zhiyuan and {MacBride}, Conor and {Maljaars}, Jakob M. and {Muna}, Demitri and {Murphy}, N.~A. and {Norman}, Henrik and {O'Steen}, Richard and {Oman}, Kyle A. and {Pacifici}, Camilla and {Pascual}, Sergio and {Pascual-Granado}, J. and {Patil}, Rohit R. and {Perren}, Gabriel I. and {Pickering}, Timothy E. and {Rastogi}, Tanuj and {Roulston}, Benjamin R. and {Ryan}, Daniel F. and {Rykoff}, Eli S. and {Sabater}, Jose and {Sakurikar}, Parikshit and {Salgado}, Jes{'u}s and {Sanghi}, Aniket and {Saunders}, Nicholas and {Savchenko}, Volodymyr and {Schwardt}, Ludwig and {Seifert-Eckert}, Michael and {Shih}, Albert Y. and {Jain}, Anany Shrey and {Shukla}, Gyanendra and {Sick}, Jonathan and {Simpson}, Chris and {Singanamalla}, Sudheesh and {Singer}, Leo P. and {Singhal}, Jaladh and {Sinha}, Manodeep and {Sip{H{o}}cz}, Brigitta M. and {Spitler}, Lee R. and {Stansby}, David and {Streicher}, Ole and {{{S}}umak}, Jani and {Swinbank}, John D. and {Taranu}, Dan S. and {Tewary}, Nikita and {Tremblay}, Grant R. and {Val-Borro}, Miguel de and {Van Kooten}, Samuel J. and {Vasovi{'c}}, Zlatan and {Verma}, Shresth and {de Miranda Cardoso}, Jos{'e} Vin{'i}cius and {Williams}, Peter K.~G. and {Wilson}, Tom J. and {Winkel}, Benjamin and {Wood-Vasey}, W.~M. and {Xue}, Rui and {Yoachim}, Peter and {Zhang}, Chen and {Zonca}, Andrea and {Astropy Project Contributors}},
        title = "{The Astropy Project: Sustaining and Growing a Community-oriented Open-source Project and the Latest Major Release (v5.0) of the Core Package}",
      journal = {\apj},
     keywords = {Astronomy software, Open source software, Astronomy data analysis, 1855, 1866, 1858, Astrophysics - Instrumentation and Methods for Astrophysics},
         year = 2022,
        month = aug,
       volume = {935},
       number = {2},
          eid = {167},
        pages = {167},
          doi = {10.3847/1538-4357/ac7c74},
archivePrefix = {arXiv},
       eprint = {2206.14220},
 primaryClass = {astro-ph.IM},
       adsurl = {https://ui.adsabs.harvard.edu/abs/2022ApJ...935..167A},
      adsnote = {Provided by the SAO/NASA Astrophysics Data System}
}

@software{marten_van_kerkwijk_2024_14072435,
  author       = {Marten van Kerkwijk and
                  Antonio Valentino and
                  Erik Tollerud and
                  Thomas Robitaille and
                  Julien Woillez and
                  E. M. Bray and
                  Clément Robert and
                  Brigitta Sipőcz and
                  Michael Droettboom and
                  P. L. Lim and
                  Christoph Deil and
                  Michael Seifert and
                  Simon Conseil and
                  Thomas A Caswell and
                  Tom Aldcroft and
                  StuartLittlefair and
                  Hood Chatham and
                  Adrian Price-Whelan and
                  Chris Lamb and
                  Daria Cara and
                  Devin Crichton and
                  Matt Davis and
                  Miguel de Val-Borro and
                  Sergio Pascual and
                  Stefan Heimersheim and
                  Stuart Mumford and
                  Tomas Babej and
                  Vatsala Swaroop and
                  Vishnunarayan K I and
                  Jani Šumak},
  title        = {liberfa/pyerfa: v2.0.1.5},
  month        = nov,
  year         = 2024,
  publisher    = {Zenodo},
  version      = {v2.0.1.5},
  doi          = {10.5281/zenodo.14072435},
  url          = {https://doi.org/10.5281/zenodo.14072435}
}

@software{Rhodes2011,
       author = {{Rhodes}, Brandon Craig},
        title = "{PyEphem: Astronomical Ephemeris for Python}",
 howpublished = {Astrophysics Source Code Library, record ascl:1112.014},
         year = 2011,
        month = dec,
          eid = {ascl:1112.014},
       adsurl = {https://ui.adsabs.harvard.edu/abs/2011ascl.soft12014R},
      adsnote = {Provided by the SAO/NASA Astrophysics Data System}
}

@ARTICLE{Buchalter1997,
       author = {{Buchalter}, Ari and {Kamionkowski}, Marc},
        title = "{Rates for Parallax-shifted Microlensing Events from Ground-based Observations of the Galactic Bulge}",
      journal = {\apj},
     keywords = {Astrometry, Galaxy: General, Cosmology: Gravitational Lensing, Stars: Distances, Astrophysics},
         year = 1997,
        month = jun,
       volume = {482},
       number = {2},
        pages = {782-791},
          doi = {10.1086/304163},
archivePrefix = {arXiv},
       eprint = {astro-ph/9604144},
 primaryClass = {astro-ph},
       adsurl = {https://ui.adsabs.harvard.edu/abs/1997ApJ...482..782B},
      adsnote = {Provided by the SAO/NASA Astrophysics Data System}
}

@ARTICLE{Hobson2002,
       author = {{Hobson}, M.~P. and {Bridle}, S.~L. and {Lahav}, O.},
        title = "{Combining cosmological data sets: hyperparameters and Bayesian evidence}",
      journal = {\mnras},
     keywords = {methods: data analysis, methods: statistical, cosmic microwave background, cosmological parameters, Astrophysics},
         year = 2002,
        month = sep,
       volume = {335},
       number = {2},
        pages = {377-388},
          doi = {10.1046/j.1365-8711.2002.05614.x},
archivePrefix = {arXiv},
       eprint = {astro-ph/0203259},
 primaryClass = {astro-ph},
       adsurl = {https://ui.adsabs.harvard.edu/abs/2002MNRAS.335..377H},
      adsnote = {Provided by the SAO/NASA Astrophysics Data System}
}

@ARTICLE{Dominik2000,
       author = {{Dominik}, Martin and {Sahu}, Kailash C.},
        title = "{Astrometric Microlensing of Stars}",
      journal = {\apj},
     keywords = {GALAXIES: STELLAR CONTENT, GALAXIES: STRUCTURE, COSMOLOGY: GRAVITATIONAL LENSING},
         year = 2000,
        month = may,
       volume = {534},
       number = {1},
        pages = {213-226},
          doi = {10.1086/308716},
       adsurl = {https://ui.adsabs.harvard.edu/abs/2000ApJ...534..213D},
      adsnote = {Provided by the SAO/NASA Astrophysics Data System}
}

@article{PyMC,
author = {Abril-Pla, Oriol and Andreani, Virgile and Carroll, Colin and Dong, Larry and Fonnesbeck, Christopher J. and Kochurov, Maxim and Kumar, Ravin and Lao, Junpeng and Luhmann, Christian C. and Martin, Osvaldo A. and Osthege, Michael and Vieira, Ricardo and Wiecki, Thomas and Zinkov, Robert},
doi = {10.7717/peerj-cs.1516},
journal = {PeerJ Comput. Sci.},
month = sep,
title = {{PyMC: a modern, and comprehensive probabilistic programming framework in Python}},
url = {https://peerj.com/articles/cs-1516},
volume = {9},
year = {2023}
}

@misc{pytestx.y,
  title =        {pytest x.y},
  author = {Krekel, Holger and Oliveira, Bruno and Pfannschmidt, Ronny and Bruynooghe, Floris and Laugher, Brianna and Bruhin, Florian},
  year =         {2004},
  url = {https://github.com/pytest-dev/pytest},
}

@book{oliphant2006guide,
  title={Guide to numpy},
  author={Oliphant, Travis E and others},
  volume={1},
  year={2006},
  publisher={Trelgol Publishing USA}
}

@article{celerite,
    author = {{Foreman-Mackey}, D. and {Agol}, E. and {Angus}, R. and
              {Ambikasaran}, S.},
     title = {Fast and scalable Gaussian process modeling
              with applications to astronomical time series},
      year = {2017},
   journal = {AJ},
    volume = {154},
     pages = {220},
       doi = {10.3847/1538-3881/aa9332},
       url = {https://arxiv.org/abs/1703.09710}
}

@ARTIClE{Wyrzykowski_2015,
   title={OGLE-III MICROLENSING EVENTS AND THE STRUCTURE OF THE GALACTIC BULGE},
   volume={216},
   ISSN={1538-4365},
   url={http://dx.doi.org/10.1088/0067-0049/216/1/12},
   DOI={10.1088/0067-0049/216/1/12},
   number={1},
   journal={The Astrophysical Journal Supplement Series},
   publisher={American Astronomical Society},
   author={Wyrzykowski, Łukasz and Rynkiewicz, Alicja E. and Skowron, Jan and Kozłowski, Szymon and Udalski, Andrzej and Szymański, Michał K. and Kubiak, Marcin and Soszyński, Igor and Pietrzyński, Grzegorz and Poleski, Radosław and Pietrukowicz, Paweł and Pawlak, Michał},
   year={2015},
   month=jan, pages={12} }


@inbook{Mroz_2024,
   title={Exoplanet Occurrence Rates from Microlensing Surveys},
   ISBN={9783319306483},
   url={http://dx.doi.org/10.1007/978-3-319-30648-3_208-1},
   DOI={10.1007/978-3-319-30648-3_208-1},
   booktitle={Handbook of Exoplanets},
   publisher={Springer International Publishing},
   author={Mróz, Przemek and Poleski, Radosław},
   year={2024},
   pages={1–23} }

@ARTICLE{Natasha_2025,
       author = {{Abrams}, Natasha S. and {Lu}, Jessica R. and {Lam}, Casey Y. and {Medford}, Michael S. and {Hosek}, Matthew W. and {Rose}, Sam},
        title = "{Assessing the Impact of Binary Systems on Microlensing Using SPISEA and PopSyCLE Population Simulations}",
      journal = {\apj},
     keywords = {Binary lens microlensing, Binary source microlensing, Gravitational lensing, Astrophysical black holes, Stellar mass black holes, 2136, 2141, 670, 98, 1611, Astrophysics - Solar and Stellar Astrophysics, Astrophysics - Astrophysics of Galaxies},
         year = 2025,
        month = feb,
       volume = {980},
       number = {1},
          eid = {103},
        pages = {103},
          doi = {10.3847/1538-4357/ada5f9},
archivePrefix = {arXiv},
       eprint = {2501.03506},
 primaryClass = {astro-ph.SR},
       adsurl = {https://ui.adsabs.harvard.edu/abs/2025ApJ...980..103A},
      adsnote = {Provided by the SAO/NASA Astrophysics Data System}
}


@ARTICLE{Koren_2016,
       author = {{Koren}, Seth C. and {Blake}, Cullen H. and {Dahn}, Conard C. and {Harris}, Hugh C.},
        title = "{The Low-mass Astrometric Binary LSR 1610-0040}",
      journal = {\aj},
     keywords = {binaries: general, brown dwarfs, methods: data analysis, Astrophysics - Solar and Stellar Astrophysics},
         year = 2016,
        month = mar,
       volume = {151},
       number = {3},
          eid = {57},
        pages = {57},
          doi = {10.3847/0004-6256/151/3/57},
archivePrefix = {arXiv},
       eprint = {1511.02234},
 primaryClass = {astro-ph.SR},
       adsurl = {https://ui.adsabs.harvard.edu/abs/2016AJ....151...57K},
      adsnote = {Provided by the SAO/NASA Astrophysics Data System}
}

@article{Golovich_2022,
    author = {Nathan Golovich and William Dawson and Fran Bartoli{\'c} and Casey Y. Lam and Jessica R. Lu and Michael S. Medford and Michael D. Schneider and George Chapline and Edward F. Schlafly and Alex Drlica-Wagner and Kerianne Pruett},
    doi = {10.3847/1538-4365/ac5969},
    journal = {The Astrophysical Journal Supplement Series},
    month = {apr},
    number = {1},
    pages = {2},
    publisher = {The American Astronomical Society},
    title = {A Reanalysis of Public Galactic Bulge Gravitational Microlensing Events from OGLE-III and -IV},
    url = {https://dx.doi.org/10.3847/1538-4365/ac5969},
    volume = {260},
    year = {2022},
    bdsk-url-1 = {https://dx.doi.org/10.3847/1538-4365/ac5969}
}

@ARTICLE{Bennett_2010,
       author = {{Bennett}, David P.},
        title = "{An Efficient Method for Modeling High-magnification Planetary Microlensing Events}",
      journal = {\apj},
     keywords = {gravitational lensing: micro, planetary systems, Astrophysics - Earth and Planetary Astrophysics, Astrophysics - Astrophysics of Galaxies},
         year = 2010,
        month = jun,
       volume = {716},
       number = {2},
        pages = {1408-1422},
          doi = {10.1088/0004-637X/716/2/1408},
archivePrefix = {arXiv},
       eprint = {0911.2703},
 primaryClass = {astro-ph.EP},
       adsurl = {https://ui.adsabs.harvard.edu/abs/2010ApJ...716.1408B},
      adsnote = {Provided by the SAO/NASA Astrophysics Data System}
}




@article{Lam_2022,
    author = {{Lam}, Casey Y. and {Lu}, Jessica R. and {Udalski}, Andrzej and {Bond}, Ian and {Bennett}, David P. and {Skowron}, Jan and {Mr{\'o}z}, Przemek and {Poleski}, Radek and {Sumi}, Takahiro and {Szyma{\'n}ski}, Micha{\l} K. and {Koz{\l}owski}, Szymon and {Pietrukowicz}, Pawe{\l} and {Soszy{\'n}ski}, Igor and {Ulaczyk}, Krzysztof and {Wyrzykowski}, {\L}ukasz and {Miyazaki}, Shota and {Suzuki}, Daisuke and {Koshimoto}, Naoki and {Rattenbury}, Nicholas J. and {Hosek}, Matthew W. and {Abe}, Fumio and {Barry}, Richard and {Bhattacharya}, Aparna and {Fukui}, Akihiko and {Fujii}, Hirosane and {Hirao}, Yuki and {Itow}, Yoshitaka and {Kirikawa}, Rintaro and {Kondo}, Iona and {Matsubara}, Yutaka and {Matsumoto}, Sho and {Muraki}, Yasushi and {Olmschenk}, Greg and {Ranc}, Cl{\'e}ment and {Okamura}, Arisa and {Satoh}, Yuki and {Silva}, Stela Ishitani and {Toda}, Taiga and {Tristram}, Paul J. and {Vandorou}, Aikaterini and {Yama}, Hibiki and {Abrams}, Natasha S. and {Agarwal}, Shrihan and {Rose}, Sam and {Terry}, Sean K.},
    title = "{An Isolated Mass-gap Black Hole or Neutron Star Detected with Astrometric Microlensing}",
    journal = {\apjl},
    keywords = {Astrophysical black holes, Astrometric microlensing effect, Stellar populations, Astrometry, 98, 2140, 1622, 80, Astrophysics - Astrophysics of Galaxies, Astrophysics - Solar and Stellar Astrophysics},
     year = 2022,
    month = jul,
    volume = {933},
    number = {1},
      eid = {L23},
    pages = {L23},
      doi = {10.3847/2041-8213/ac7442},
    archivePrefix = {arXiv},
    eprint = {2202.01903},
    primaryClass = {astro-ph.GA},
    adsurl = {https://ui.adsabs.harvard.edu/abs/2022ApJ...933L..23L},
    adsnote = {Provided by the SAO/NASA Astrophysics Data System}
}

@article{Lam_2022_Sup,
    author = {{Lam}, Casey Y. and {Lu}, Jessica R. and {Udalski}, Andrzej and {Bond}, Ian and {Bennett}, David P. and {Skowron}, Jan and {Mr{\'o}z}, Przemek and {Poleski}, Radek and {Sumi}, Takahiro and {Szyma{\'n}ski}, Micha{\l} K. and {Koz{\l}owski}, Szymon and {Pietrukowicz}, Pawe{\l} and {Soszy{\'n}ski}, Igor and {Ulaczyk}, Krzysztof and {Wyrzykowski}, {\L}ukasz and {Miyazaki}, Shota and {Suzuki}, Daisuke and {Koshimoto}, Naoki and {Rattenbury}, Nicholas J. and {Hosek}, Matthew W. and {Abe}, Fumio and {Barry}, Richard and {Bhattacharya}, Aparna and {Fukui}, Akihiko and {Fujii}, Hirosane and {Hirao}, Yuki and {Itow}, Yoshitaka and {Kirikawa}, Rintaro and {Kondo}, Iona and {Matsubara}, Yutaka and {Matsumoto}, Sho and {Muraki}, Yasushi and {Olmschenk}, Greg and {Ranc}, Cl{\'e}ment and {Okamura}, Arisa and {Satoh}, Yuki and {Silva}, Stela Ishitani and {Toda}, Taiga and {Tristram}, Paul J. and {Vandorou}, Aikaterini and {Yama}, Hibiki and {Abrams}, Natasha S. and {Agarwal}, Shrihan and {Rose}, Sam and {Terry}, Sean K.},
    title = "{Supplement: ``An Isolated Mass-gap Black Hole or Neutron Star Detected with Astrometric Microlensing'' (2022, ApJL, 933, L23)}",
    journal = {\apjs},
    keywords = {Astrometry, Astrometric microlensing effect, Astrophysical black holes, Stellar populations, 80, 2140, 98, 1622},
     year = 2022,
    month = jun,
    volume = {260},
    number = {2},
      eid = {55},
    pages = {55},
      doi = {10.3847/1538-4365/ac7441},
    adsurl = {https://ui.adsabs.harvard.edu/abs/2022ApJS..260...55L},
    adsnote = {Provided by the SAO/NASA Astrophysics Data System}
}

@article{Lam_2020,
    author = {Casey Y. Lam and Jessica R. Lu and Matthew W. Hosek and William A. Dawson and Nathan R. Golovich},
    doi = {10.3847/1538-4357/ab5fd3},
    journal = {The Astrophysical Journal},
    month = {jan},
    number = {1},
    pages = {31},
    publisher = {The American Astronomical Society},
    title = {PopSyCLE: A New Population Synthesis Code for Compact Object Microlensing Events},
    url = {https://dx.doi.org/10.3847/1538-4357/ab5fd3},
    volume = {889},
    year = {2020},
    bdsk-url-1 = {https://dx.doi.org/10.3847/1538-4357/ab5fd3}
}

@article{Foreman-Mackey_2017,
    author = {Daniel Foreman-Mackey and Eric Agol and Sivaram Ambikasaran and Ruth Angus},
    doi = {10.3847/1538-3881/aa9332},
    journal = {The Astronomical Journal},
    month = {nov},
    number = {6},
    pages = {220},
    publisher = {The American Astronomical Society},
    title = {Fast and Scalable Gaussian Process Modeling with Applications to Astronomical Time Series},
    url = {https://dx.doi.org/10.3847/1538-3881/aa9332},
    volume = {154},
    year = {2017},
    bdsk-url-1 = {https://dx.doi.org/10.3847/1538-3881/aa9332}
}

@book{RasmussenW06,
    added-at = {2020-07-17T00:00:00.000+0200},
    author = {Rasmussen, Carl Edward and Williams, Christopher K. I.},
    biburl = {https://www.bibsonomy.org/bibtex/2670a576a21065048f7ddede17e09b6b4/dblp},
    ee = {https://www.worldcat.org/oclc/61285753},
    interhash = {72c030472023000e0bdeeb06081c3764},
    intrahash = {670a576a21065048f7ddede17e09b6b4},
    isbn = {026218253X},
    keywords = {dblp},
    pages = {I-XVIII, 1-248},
    publisher = {MIT Press},
    series = {Adaptive Computation and Machine Learning},
    timestamp = {2020-07-24T00:45:17.000+0200},
    title = {Gaussian Processes for Machine Learning.},
    year = 2006
}

@article{Speagle_2020,
    author = {Speagle, Joshua S},
    title = {dynesty: a dynamic nested sampling package for estimating Bayesian posteriors and evidences},
    journal = {Monthly Notices of the Royal Astronomical Society},
    volume = {493},
    number = {3},
    pages = {3132-3158},
    year = {2020},
    month = {02},
    issn = {0035-8711},
    doi = {10.1093/mnras/staa278},
    url = {https://doi.org/10.1093/mnras/staa278},
    eprint = {https://academic.oup.com/mnras/article-pdf/493/3/3132/32890730/staa278.pdf},
}

@article{Mroz_2022,
    doi = {10.3847/2041-8213/ac90bb},
    url = {https://dx.doi.org/10.3847/2041-8213/ac90bb},
    year = {2022},
    month = {sep},
    publisher = {The American Astronomical Society},
    volume = {937},
    number = {2},
    pages = {L24},
    author = {Przemek Mróz and Andrzej Udalski and Andrew Gould},
    title = {Systematic Errors as a Source of Mass Discrepancy in Black Hole Microlensing Event OGLE-2011-BLG-0462},
    journal = {The Astrophysical Journal Letters}
}

@article{Zhang_2023,
    author = {Hao Zhang and Yu-Chen Wang and Tong-Jie Zhang and Tingting Zhang},
    doi = {10.3847/1538-4365/accb92},
    journal = {The Astrophysical Journal Supplement Series},
    month = {may},
    number = {2},
    pages = {27},
    publisher = {The American Astronomical Society},
    title = {Kernel Selection for Gaussian Process in Cosmology: With Approximate Bayesian Computation Rejection and Nested Sampling},
    url = {https://dx.doi.org/10.3847/1538-4365/accb92},
    volume = {266},
    year = {2023},
    bdsk-url-1 = {https://dx.doi.org/10.3847/1538-4365/accb92}
}


@article{1986ApJ...304....1P,
    author = {{Paczynski}, B.},
    title = "{Gravitational Microlensing by the Galactic Halo}",
    journal = {\apj},
    keywords = {Gravitational Lenses, Halos, Milky Way Galaxy, Optical Thickness, Point Sources, Stellar Gravitation, Variable Stars, Astrophysics, GALAXIES: MAGELLANIC CLOUDS, GRAVITATION, STARS: VARIABLES},
    year = 1986,
    month = may,
    volume = {304},
    pages = {1},
    doi = {10.1086/164140},
    adsurl = {https://ui.adsabs.harvard.edu/abs/1986ApJ...304....1P},
    adsnote = {Provided by the SAO/NASA Astrophysics Data System}
}


@article{Lam_2023,
    author = {Casey Y. Lam and Jessica R. Lu},
    doi = {10.3847/1538-4357/aced4a},
    journal = {The Astrophysical Journal},
    month = {sep},
    number = {2},
    pages = {116},
    publisher = {The American Astronomical Society},
    title = {A Reanalysis of the Isolated Black Hole Candidate OGLE-2011-BLG-0462/MOA-2011-BLG-191},
    url = {https://dx.doi.org/10.3847/1538-4357/aced4a},
    volume = {955},
    year = {2023},
    bdsk-url-1 = {https://dx.doi.org/10.3847/1538-4357/aced4a}
}


@article{Lu_2016,
    author = {J. R. Lu and E. Sinukoff and E. O. Ofek and A. Udalski and S. Kozlowski},
    doi = {10.3847/0004-637X/830/1/41},
    journal = {The Astrophysical Journal},
    month = {oct},
    number = {1},
    pages = {41},
    publisher = {The American Astronomical Society},
    title = {A SEARCH FOR STELLAR-MASS BLACK HOLES VIA ASTROMETRIC MICROLENSING},
    url = {https://dx.doi.org/10.3847/0004-637X/830/1/41},
    volume = {830},
    year = {2016},
    bdsk-url-1 = {https://dx.doi.org/10.3847/0004-637X/830/1/41}
}

@article{Gaudi_2012,
    author = {{Gaudi}, B. Scott},
    title = "{Microlensing Surveys for Exoplanets}",
    journal = {\araa},
     year = 2012,
    month = sep,
    volume = {50},
    pages = {411-453},
      doi = {10.1146/annurev-astro-081811-125518},
    adsurl = {https://ui.adsabs.harvard.edu/abs/2012ARA&A..50..411G},
    adsnote = {Provided by the SAO/NASA Astrophysics Data System}
}

@article{pymultinest,
    author = {{Buchner, J.} and {Georgakakis, A.} and {Nandra, K.} and {Hsu, L.} and {Rangel, C.} and {Brightman, M.} and {Merloni, A.} and {Salvato, M.} and {Donley, J.} and {Kocevski, D.}},
    doi = {10.1051/0004-6361/201322971},
    journal = {A&A},
    pages = {A125},
    title = {X-ray spectral modelling of the AGN obscuring region in the CDFS: Bayesian model selection and catalogue⋆⋆⋆},
    url = {https://doi.org/10.1051/0004-6361/201322971},
    volume = 564,
    year = 2014,
    bdsk-url-1 = {https://doi.org/10.1051/0004-6361/201322971}
}

@article{multinest,
    author = {Feroz, F. and Hobson, M. P. and Bridges, M.},
    title = "{MultiNest: an efficient and robust Bayesian inference tool for cosmology and particle physics}",
    journal = {Monthly Notices of the Royal Astronomical Society},
    volume = {398},
    number = {4},
    pages = {1601-1614},
    year = {2009},
    month = {09},
    issn = {0035-8711},
    doi = {10.1111/j.1365-2966.2009.14548.x},
    url = {https://doi.org/10.1111/j.1365-2966.2009.14548.x},
    eprint = {https://academic.oup.com/mnras/article-pdf/398/4/1601/3039078/mnras0398-1601.pdf},
}

@article{Skilling_2006,
    author = {Skilling, John},
    doi = {10.1214/06-BA127},
    journal = {Bayesian Analysis},
    number = {4},
    pages = {833 -- 859},
    publisher = {International Society for Bayesian Analysis},
    title = {{Nested sampling for general Bayesian computation}},
    url = {https://doi.org/10.1214/06-BA127},
    volume = {1},
    year = {2006},
    bdsk-url-1 = {https://doi.org/10.1214/06-BA127}
}


@article{Li_2019_microlens,
    author = {{Li}, S. -S. and {Zang}, W. and {Udalski}, A. and {Shvartzvald}, Y. and {Huber}, D. and {Lee}, C. -U. and {Sumi}, T. and {Gould}, A. and {Mao}, S. and {Fouqu{\'e}}, P. and {Wang}, T. and {Dong}, S. and {J{\o}rgensen}, U.~G. and {Cole}, A. and {Mr{\'o}z}, P. and {Szyma{\'n}ski}, M.~K. and {Skowron}, J. and {Poleski}, R. and {Soszy{\'n}ski}, I. and {Pietrukowicz}, P. and {Koz{\l}owski}, S. and {Ulaczyk}, K. and {Rybicki}, K.~A. and {Iwanek}, P. and {Yee}, J.~C. and {Calchi Novati}, S. and {Beichman}, C.~A. and {Bryden}, G. and {Carey}, S. and {Gaudi}, B.~S. and {Henderson}, C.~B. and {Zhu}, W. and {Albrow}, M.~D. and {Chung}, S. -J. and {Han}, C. and {Hwang}, K. -H. and {Jung}, Y.~K. and {Ryu}, Y. -H. and {Shin}, I. -G. and {Cha}, S. -M. and {Kim}, D. -J. and {Kim}, H. -W. and {Kim}, S. -L. and {Lee}, D. -J. and {Lee}, Y. and {Park}, B. -G. and {Pogge}, R.~W. and {Bond}, I.~A. and {Abe}, F. and {Barry}, R. and {Bennett}, D.~P. and {Bhattacharya}, A. and {Donachie}, M. and {Fukui}, A. and {Hirao}, Y. and {Itow}, Y. and {Kondo}, I. and {Koshimoto}, N. and {Li}, M.~C.~A. and {Matsubara}, Y. and {Muraki}, Y. and {Miyazaki}, S. and {Nagakane}, M. and {Ranc}, C. and {Rattenbury}, N.~J. and {Suematsu}, H. and {Sullivan}, D.~J. and {Suzuki}, D. and {Tristram}, P.~J. and {Yonehara}, A. and {Christie}, G. and {Drummond}, J. and {Green}, J. and {Hennerley}, S. and {Natusch}, T. and {Porritt}, I. and {Bachelet}, E. and {Maoz}, D. and {Street}, R.~A. and {Tsapras}, Y. and {Bozza}, V. and {Dominik}, M. and {Hundertmark}, M. and {Peixinho}, N. and {Sajadian}, S. and {Burgdorf}, M.~J. and {Evans}, D.~F. and {Figuera Jaimes}, R. and {Fujii}, Y.~I. and {Haikala}, L.~K. and {Helling}, C. and {Henning}, T. and {Hinse}, T.~C. and {Mancini}, L. and {Longa-Pe{\~n}a}, P. and {Rahvar}, S. and {Rabus}, M. and {Skottfelt}, J. and {Snodgrass}, C. and {Southworth}, J. and {Unda-Sanzana}, E. and {von Essen}, C. and {Beaulieu}, J. -P. and {Blackman}, J. and {Hill}, K.},
    title = "{OGLE-2017-BLG-1186: first application of asteroseismology and Gaussian processes to microlensing}",
    journal = {\mnras},
    keywords = {asteroseismology, gravitational lensing: micro, stars: fundamental parameters, stars: oscillations, Astrophysics - Solar and Stellar Astrophysics, Astrophysics - Earth and Planetary Astrophysics},
    year = 2019,
    month = sep,
    volume = {488},
    number = {3},
    pages = {3308-3323},
    doi = {10.1093/mnras/stz1873},
    archivePrefix = {arXiv},
    eprint = {1904.07718},
    primaryClass = {astro-ph.SR},
    adsurl = {https://ui.adsabs.harvard.edu/abs/2019MNRAS.488.3308L},
    adsnote = {Provided by the SAO/NASA Astrophysics Data System}
}

@article{Hafizi_2004,
   title={Microlensing signature of a white dwarf population in the galactic halo},
   volume={13},
   ISSN={1793-6594},
   url={http://dx.doi.org/10.1142/S0218271804006036},
   DOI={10.1142/s0218271804006036},
   number={09},
   journal={International Journal of Modern Physics D},
   publisher={World Scientific Pub Co Pte Lt},
   author={Hafizi, M. and De Paolis, F. and Ingrosso, G. and Nucita, A. A.},
   year={2004},
   month=oct, pages={1831–1845} 
}

@article{harris2020array,
    title = {Array programming with {NumPy}},
    author  = {Charles R. Harris and K. Jarrod Millman and St{\'{e}}fan J.
                 van der Walt and Ralf Gommers and Pauli Virtanen and David
                 Cournapeau and Eric Wieser and Julian Taylor and Sebastian
                 Berg and Nathaniel J. Smith and Robert Kern and Matti Picus
                 and Stephan Hoyer and Marten H. van Kerkwijk and Matthew
                 Brett and Allan Haldane and Jaime Fern{\'{a}}ndez del
                 R{\'{i}}o and Mark Wiebe and Pearu Peterson and Pierre
                 G{\'{e}}rard-Marchant and Kevin Sheppard and Tyler Reddy and
                 Warren Weckesser and Hameer Abbasi and Christoph Gohlke and
                 Travis E. Oliphant},
    year = {2020},
    month  = sep,
    journal = {Nature},
    volume = {585},
    number = {7825},
    pages = {357--362},
    doi = {10.1038/s41586-020-2649-2},
    publisher = {Springer Science and Business Media {LLC}},
    url = {https://doi.org/10.1038/s41586-020-2649-2}
}

@article{2020SciPy-NMeth,
    author  = {Virtanen, Pauli and Gommers, Ralf and Oliphant, Travis E. and
            Haberland, Matt and Reddy, Tyler and Cournapeau, David and
            Burovski, Evgeni and Peterson, Pearu and Weckesser, Warren and
            Bright, Jonathan and {van der Walt}, St{\'e}fan J. and
            Brett, Matthew and Wilson, Joshua and Millman, K. Jarrod and
            Mayorov, Nikolay and Nelson, Andrew R. J. and Jones, Eric and
            Kern, Robert and Larson, Eric and Carey, C J and
            Polat, {\.I}lhan and Feng, Yu and Moore, Eric W. and
            {VanderPlas}, Jake and Laxalde, Denis and Perktold, Josef and
            Cimrman, Robert and Henriksen, Ian and Quintero, E. A. and
            Harris, Charles R. and Archibald, Anne M. and
            Ribeiro, Ant{\^o}nio H. and Pedregosa, Fabian and
            {van Mulbregt}, Paul and {SciPy 1.0 Contributors}},
    title   = {{{SciPy} 1.0: Fundamental Algorithms for Scientific
            Computing in Python}},
    journal = {Nature Methods},
    year    = {2020},
    volume  = {17},
    pages   = {261--272},
    adsurl  = {https://rdcu.be/b08Wh},
    doi     = {10.1038/s41592-019-0686-2},
}

@article{Hunter:2007,
    Author    = {Hunter, J. D.},
    Title     = {Matplotlib: A 2D graphics environment},
    Journal   = {Computing in Science \& Engineering},
    Volume    = {9},
    Number    = {3},
    Pages     = {90--95},
    abstract  = {Matplotlib is a 2D graphics package used for Python for
    application development, interactive scripting, and publication-quality
    image generation across user interfaces and operating systems.},
    publisher = {IEEE COMPUTER SOC},
    doi       = {10.1109/MCSE.2007.55},
    year      = 2007
}

@article{e19100555,
    abstract = {A key sticking point of Bayesian analysis is the choice of prior distribution, and there is a vast literature on potential defaults including uniform priors, Jeffreys' priors, reference priors, maximum entropy priors, and weakly informative priors. These methods, however, often manifest a key conceptual tension in prior modeling: a model encoding true prior information should be chosen without reference to the model of the measurement process, but almost all common prior modeling techniques are implicitly motivated by a reference likelihood. In this paper we resolve this apparent paradox by placing the choice of prior into the context of the entire Bayesian analysis, from inference to prediction to model evaluation.},
    article-number = {555},
    author = {Gelman, Andrew and Simpson, Daniel and Betancourt, Michael},
    doi = {10.3390/e19100555},
    issn = {1099-4300},
    journal = {Entropy},
    number = {10},
    title = {The Prior Can Often Only Be Understood in the Context of the Likelihood},
    url = {https://www.mdpi.com/1099-4300/19/10/555},
    volume = {19},
    year = {2017},
    bdsk-url-1 = {https://www.mdpi.com/1099-4300/19/10/555},
    bdsk-url-2 = {https://doi.org/10.3390/e19100555}
}

@article{Gould_2004,
    author = {Andrew Gould},
    doi = {10.1086/382782},
    journal = {The Astrophysical Journal},
    month = {may},
    number = {1},
    pages = {319},
    title = {Resolution of the MACHO-LMC-5 Puzzle: The Jerk-Parallax Microlens Degeneracy},
    url = {https://dx.doi.org/10.1086/382782},
    volume = {606},
    year = {2004},
    bdsk-url-1 = {https://dx.doi.org/10.1086/382782}
}

@article{Dominik_2009,
    author = {Dominik, M.},
    title = {Parameter degeneracies and (un)predictability of gravitational microlensing events},
    journal = {Monthly Notices of the Royal Astronomical Society},
    volume = {393},
    number = {3},
    pages = {816-821},
    year = {2009},
    month = {02},
    issn = {0035-8711},
    doi = {10.1111/j.1365-2966.2008.14276.x},
    url = {https://doi.org/10.1111/j.1365-2966.2008.14276.x},
    eprint = {https://academic.oup.com/mnras/article-pdf/393/3/816/2898940/mnras0393-0816.pdf},
}

@article{Sahu_2022,
    author = {{Sahu}, Kailash C. and {Anderson}, Jay and {Casertano}, Stefano and {Bond}, Howard E. and {Udalski}, Andrzej and {Dominik}, Martin and {Calamida}, Annalisa and {Bellini}, Andrea and {Brown}, Thomas M. and {Rejkuba}, Marina and {Bajaj}, Varun and {Kains}, No{\'e} and {Ferguson}, Henry C. and {Fryer}, Chris L. and {Yock}, Philip and {Mr{\'o}z}, Przemek and {Koz{\l}owski}, Szymon and {Pietrukowicz}, Pawe{\l} and {Poleski}, Radek and {Skowron}, Jan and {Soszy{\'n}ski}, Igor and {Szyma{\'n}ski}, Micha{\l} K. and {Ulaczyk}, Krzysztof and {Wyrzykowski}, {\L}ukasz and {Barry}, Richard K. and {Bennett}, David P. and {Bond}, Ian A. and {Hirao}, Yuki and {Silva}, Stela Ishitani and {Kondo}, Iona and {Koshimoto}, Naoki and {Ranc}, Cl{\'e}ment and {Rattenbury}, Nicholas J. and {Sumi}, Takahiro and {Suzuki}, Daisuke and {Tristram}, Paul J. and {Vandorou}, Aikaterini and {Beaulieu}, Jean-Philippe and {Marquette}, Jean-Baptiste and {Cole}, Andrew and {Fouqu{\'e}}, Pascal and {Hill}, Kym and {Dieters}, Stefan and {Coutures}, Christian and {Dominis-Prester}, Dijana and {Bennett}, Clara and {Bachelet}, Etienne and {Menzies}, John and {Albrow}, Michael and {Pollard}, Karen and {Gould}, Andrew and {Yee}, Jennifer C. and {Allen}, William and {Almeida}, Leonardo A. and {Christie}, Grant and {Drummond}, John and {Gal-Yam}, Avishay and {Gorbikov}, Evgeny and {Jablonski}, Francisco and {Lee}, Chung-Uk and {Maoz}, Dan and {Manulis}, Ilan and {McCormick}, Jennie and {Natusch}, Tim and {Pogge}, Richard W. and {Shvartzvald}, Yossi and {J{\o}rgensen}, Uffe G. and {Alsubai}, Khalid A. and {Andersen}, Michael I. and {Bozza}, Valerio and {Novati}, Sebastiano Calchi and {Burgdorf}, Martin and {Hinse}, Tobias C. and {Hundertmark}, Markus and {Husser}, Tim-Oliver and {Kerins}, Eamonn and {Longa-Pe{\~n}a}, Penelope and {Mancini}, Luigi and {Penny}, Matthew and {Rahvar}, Sohrab and {Ricci}, Davide and {Sajadian}, Sedighe and {Skottfelt}, Jesper and {Snodgrass}, Colin and {Southworth}, John and {Tregloan-Reed}, Jeremy and {Wambsganss}, Joachim and {Wertz}, Olivier and {Tsapras}, Yiannis and {Street}, Rachel A. and {Bramich}, D.~M. and {Horne}, Keith and {Steele}, Iain A. and {RoboNet Collaboration}},
    title = "{An Isolated Stellar-mass Black Hole Detected through Astrometric Microlensing}",
    journal = {\apj},
    keywords = {Black holes, Gravitational microlensing, 162, 672, Astrophysics - Solar and Stellar Astrophysics, Astrophysics - Astrophysics of Galaxies, Astrophysics - High Energy Astrophysical Phenomena},
    year = 2022,
    month = jul,
    volume = {933},
    number = {1},
    eid = {83},
    pages = {83},
    doi = {10.3847/1538-4357/ac739e},
    archivePrefix = {arXiv},
    eprint = {2201.13296},
    primaryClass = {astro-ph.SR},
    adsurl = {https://ui.adsabs.harvard.edu/abs/2022ApJ...933...83S},
    adsnote = {Provided by the SAO/NASA Astrophysics Data System}
}

@article{Mao_2002,
    author = {Mao, Shude and Smith, Martin C. and Woźniak, P. and Udalski, A. and Szymański, M. and Kubiak, M. and Pietrzyński, G. and Soszyński, I. and Żebruń, K.},
    title = {Optical Gravitational Lensing Experiment OGLE 1999 BUL 32: the longest ever microlensing event – evidence for a stellar mass black hole?},
    journal = {Monthly Notices of the Royal Astronomical Society},
    volume = {329},
    number = {2},
    pages = {349-354},
    year = {2002},
    month = {01},
    abstract = {We describe the discovery of the longest microlensing event ever observed, OGLE 1999 BUL 32, also independently identified by the MACHO collaboration as MACHO 99 BLG 22. This unique event has an Einstein radius crossing time of 640d. The high quality data obtained with difference image analysis shows a small but significant parallax signature. This parallax effect allows one to determine the Einstein radius projected on to the observer plane as . The transverse velocity projected on to the observer plane is about 79kms−1. We argue that the lens is likely to have a mass of at least a few solar masses, i.e. it could be a stellar black hole. The black hole hypothesis can be tested using the astrometric microlensing signature with the soon to be installed Advanced Camera for Surveys on board the Hubble Space Telescope. Deep X ray and radio images may also be useful for revealing the nature of the object.},
    issn = {0035-8711},
    doi = {10.1046/j.1365-8711.2002.04986.x},
    url = {https://doi.org/10.1046/j.1365-8711.2002.04986.x},
    eprint = {https://academic.oup.com/mnras/article-pdf/329/2/349/18644683/329-2-349.pdf},
}

@article{Bennett_2002,
    author = {{Bennett}, D.~P. and {Becker}, A.~C. and {Calitz}, J.~J. and {Johnson}, B.~R. and {Laws}, C. and {Quinn}, J.~L. and {Rhie}, S.~H. and {Sutherland}, W.},
    title = "{The Microlensing Event MACHO-99-BLG-22/OGLE-1999-BUL-32: An Intermediate Mass Black Hole, or a Lens in the Bulge}",
    journal = {arXiv e-prints},
    keywords = {Astrophysics},
    year = 2002,
    month = jun,
    eid = {astro-ph/0207006},
    pages = {astro-ph/0207006},
    doi = {10.48550/arXiv.astro-ph/0207006},
    archivePrefix = {arXiv},
    eprint = {astro-ph/0207006},
    primaryClass = {astro-ph},
    adsurl = {https://ui.adsabs.harvard.edu/abs/2002astro.ph..7006B},
    adsnote = {Provided by the SAO/NASA Astrophysics Data System}
}



@article{Wozniak_2001,
    author = {{Wozniak}, P.~R. and {Udalski}, A. and {Szymanski}, M. and {Kubiak}, M. and {Pietrzynski}, G. and {Soszynski}, I. and {Zebrun}, K.},
    title = "{Difference Image Analysis of the OGLE-II Bulge Data. II. Microlensing Events}",
    journal = {\actaa},
    keywords = {GRAVITATIONAL LENSING, DARK MATTER, GALAXY: CENTER, CATALOGS, Astrophysics},
    year = 2001,
    month = sep,
    volume = {51},
    pages = {175-219},
    doi = {10.48550/arXiv.astro-ph/0106474},
    archivePrefix = {arXiv},
    eprint = {astro-ph/0106474},
    primaryClass = {astro-ph},
    adsurl = {https://ui.adsabs.harvard.edu/abs/2001AcA....51..175W},
    adsnote = {Provided by the SAO/NASA Astrophysics Data System}
}

@ARTICLE{Witt1990,
       author = {{Witt}, H.~J.},
        title = "{Investigation of high amplification events in light curves of gravitationally lensed quasars.}",
      journal = {\aap},
     keywords = {Computational Astrophysics, Gravitational Lenses, Light Curve, Quasars, Brightness Distribution, Differential Equations, Statistical Distributions, Astrophysics},
         year = 1990,
        month = sep,
       volume = {236},
        pages = {311},
       adsurl = {https://ui.adsabs.harvard.edu/abs/1990A&A...236..311W},
      adsnote = {Provided by the SAO/NASA Astrophysics Data System}
}

@ARTICLE{WittShude1995,
       author = {{Witt}, Hans J. and {Mao}, Shude},
        title = "{On the Minimum Magnification Between Caustic Crossings for Microlensing by Binary and Multiple Stars}",
      journal = {\apjl},
     keywords = {COSMOLOGY: DARK MATTER, COSMOLOGY: GRAVITATIONAL LENSING, STARS: LOW-MASS, BROWN DWARFS, STARS: BINARIES: GENERAL},
         year = 1995,
        month = jul,
       volume = {447},
        pages = {L105},
          doi = {10.1086/309566},
       adsurl = {https://ui.adsabs.harvard.edu/abs/1995ApJ...447L.105W},
      adsnote = {Provided by the SAO/NASA Astrophysics Data System}
}


@PHDTHESIS{Casey_Thesis,
       author = {{Lam}, Casey Y.},
        title = "{Understanding the Galactic Black Hole Population With Gravitational Microlensing}",
     keywords = {Astrophysics; Statistical physics; Astronomy; Computational physics},
       school = {University of California, Berkeley, Department of Astronomy},
         year = 2023,
        month = jan,
       adsurl = {https://ui.adsabs.harvard.edu/abs/2023PhDT........15L},
      adsnote = {Provided by the SAO/NASA Astrophysics Data System}
}




@ARTICLE{Sahu2025,
       author = {{Sahu}, Kailash C. and {Anderson}, Jay and {Casertano}, Stefano and {Bond}, Howard E. and {Dominik}, Martin and {Calamida}, Annalisa and {Bellini}, Andrea and {Brown}, Thomas M. and {Ferguson}, Henry C. and {Rejkuba}, Marina},
        title = "{OGLE-2011-BLG-0462: An Isolated Stellar-mass Black Hole Confirmed Using New HST Astrometry and Updated Photometry}",
      journal = {\apj},
     keywords = {Black holes, Space astrometry, 162, 1541, Solar and Stellar Astrophysics, Astrophysics of Galaxies},
         year = 2025,
        month = apr,
       volume = {983},
       number = {2},
          eid = {104},
        pages = {104},
          doi = {10.3847/1538-4357/adbe6e},
archivePrefix = {arXiv},
       eprint = {2503.07820},
 primaryClass = {astro-ph.SR},
       adsurl = {https://ui.adsabs.harvard.edu/abs/2025ApJ...983..104S},
      adsnote = {Provided by the SAO/NASA Astrophysics Data System}
}

@ARTICLE{Schneider_1986,
       author = {{Schneider}, P. and {Weiss}, A.},
        title = "{The two-point-mass lens - Detailed investigation of a special asymmetric gravitational lens}",
      journal = {\aap},
     keywords = {Asymmetry, Gravitational Lenses, Lagrange Coordinates, Cosmology, Quasars, Red Shift, Schwarzschild Metric, Astrophysics},
         year = 1986,
        month = aug,
       volume = {164},
       number = {2},
        pages = {237-259},
       adsurl = {https://ui.adsabs.harvard.edu/abs/1986A&A...164..237S},
      adsnote = {Provided by the SAO/NASA Astrophysics Data System}
}

@article{Lu:2025,
    author = {{Lu}, J.R. and {Medford}, M. and {Lam}, C. and {Bhadra}, T.D. and {Huston}, M. and 
              {Abrams}, N. and {Broadberry}, E. and {Chen}, J. and {Terry}, S.K. and {Arredondo}, N. and
              {Scharf}, A.},
    journal = {AAS Journals},
    title = {The BAGLE Python Package for Bayesian Analysis of Gravitational Lensing Events},
    year = {submitted}
}


